%YAML 1.1
%TAG !u! tag:unity3d.com,2011:
--- !u!65 &1665762450
BoxCollider:
  m_ObjectHideFlags: 0
  m_CorrespondingSourceObject: {fileID: 0}
  m_PrefabInstance: {fileID: 0}
  m_PrefabAsset: {fileID: 0}
  m_GameObject: {fileID: 5229287359030112392}
  m_Material: {fileID: 0}
  m_IsTrigger: 0
  m_Enabled: 1
  serializedVersion: 2
  m_Size: {x: 100.000015, y: 100.000015, z: 100.000015}
  m_Center: {x: 50.000008, y: 50.000015, z: -50.000023}
--- !u!82 &702244974117855306
AudioSource:
  m_ObjectHideFlags: 0
  m_CorrespondingSourceObject: {fileID: 0}
  m_PrefabInstance: {fileID: 0}
  m_PrefabAsset: {fileID: 0}
  m_GameObject: {fileID: 5229287359030112392}
  m_Enabled: 0
  serializedVersion: 4
  OutputAudioMixerGroup: {fileID: 0}
  m_audioClip: {fileID: 8300000, guid: d9518549091cf5744b890eae260f5c7b, type: 3}
  m_PlayOnAwake: 1
  m_Volume: 1
  m_Pitch: 1
  Loop: 1
  Mute: 0
  Spatialize: 0
  SpatializePostEffects: 0
  Priority: 128
  DopplerLevel: 1
  MinDistance: 0.05
  MaxDistance: 3
  Pan2D: 0
  rolloffMode: 0
  BypassEffects: 0
  BypassListenerEffects: 0
  BypassReverbZones: 0
  rolloffCustomCurve:
    serializedVersion: 2
    m_Curve:
    - serializedVersion: 3
      time: 0
      value: 1
      inSlope: 0
      outSlope: 0
      tangentMode: 0
      weightedMode: 0
      inWeight: 0.33333334
      outWeight: 0.33333334
    - serializedVersion: 3
      time: 1
      value: 0
      inSlope: 0
      outSlope: 0
      tangentMode: 0
      weightedMode: 0
      inWeight: 0.33333334
      outWeight: 0.33333334
    m_PreInfinity: 2
    m_PostInfinity: 2
    m_RotationOrder: 4
  panLevelCustomCurve:
    serializedVersion: 2
    m_Curve:
    - serializedVersion: 3
      time: 0
      value: 1
      inSlope: 0
      outSlope: 0
      tangentMode: 0
      weightedMode: 0
      inWeight: 0.33333334
      outWeight: 0.33333334
    m_PreInfinity: 2
    m_PostInfinity: 2
    m_RotationOrder: 4
  spreadCustomCurve:
    serializedVersion: 2
    m_Curve:
    - serializedVersion: 3
      time: 0
      value: 0
      inSlope: 0
      outSlope: 0
      tangentMode: 0
      weightedMode: 0
      inWeight: 0.33333334
      outWeight: 0.33333334
    m_PreInfinity: 2
    m_PostInfinity: 2
    m_RotationOrder: 4
  reverbZoneMixCustomCurve:
    serializedVersion: 2
    m_Curve:
    - serializedVersion: 3
      time: 0
      value: 1
      inSlope: 0
      outSlope: 0
      tangentMode: 0
      weightedMode: 0
      inWeight: 0.33333334
      outWeight: 0.33333334
    m_PreInfinity: 2
    m_PostInfinity: 2
    m_RotationOrder: 4
--- !u!95 &1665762449
Animator:
  serializedVersion: 3
  m_ObjectHideFlags: 0
  m_CorrespondingSourceObject: {fileID: 0}
  m_PrefabInstance: {fileID: 0}
  m_PrefabAsset: {fileID: 0}
  m_GameObject: {fileID: 5229287359030112392}
  m_Enabled: 0
  m_Avatar: {fileID: 0}
  m_Controller: {fileID: 9100000, guid: f0feaebc9c17290418dc546b9a8b6c17, type: 2}
  m_CullingMode: 0
  m_UpdateMode: 0
  m_ApplyRootMotion: 0
  m_LinearVelocityBlending: 0
  m_WarningMessage: 
  m_HasTransformHierarchy: 1
  m_AllowConstantClipSamplingOptimization: 1
  m_KeepAnimatorControllerStateOnDisable: 0
--- !u!114 &1722592445
MonoBehaviour:
  m_ObjectHideFlags: 0
  m_CorrespondingSourceObject: {fileID: 0}
  m_PrefabInstance: {fileID: 0}
  m_PrefabAsset: {fileID: 0}
  m_GameObject: {fileID: 5229287359030112392}
  m_Enabled: 1
  m_EditorHideFlags: 0
  m_Script: {fileID: 11500000, guid: 7444499e38b2df64ebd9136d7b37d978, type: 3}
  m_Name: 
  m_EditorClassIdentifier: 
  cheering: {fileID: 702244974117855306}
  anim: {fileID: 1665762449}
  mouseAnim: {fileID: 1171907033305144644}
--- !u!135 &6478517759329814773
SphereCollider:
  m_ObjectHideFlags: 0
  m_CorrespondingSourceObject: {fileID: 0}
  m_PrefabInstance: {fileID: 0}
  m_PrefabAsset: {fileID: 0}
  m_GameObject: {fileID: 5229287358845485613}
  m_Material: {fileID: 0}
  m_IsTrigger: 1
  m_Enabled: 1
  serializedVersion: 2
  m_Radius: 0.25
  m_Center: {x: 0, y: 0, z: 0}
--- !u!82 &276106699264741723
AudioSource:
  m_ObjectHideFlags: 0
  m_CorrespondingSourceObject: {fileID: 0}
  m_PrefabInstance: {fileID: 0}
  m_PrefabAsset: {fileID: 0}
  m_GameObject: {fileID: 5229287358845485613}
  m_Enabled: 0
  serializedVersion: 4
  OutputAudioMixerGroup: {fileID: 0}
  m_audioClip: {fileID: 8300000, guid: 99775f8458379284484daa230c648c0e, type: 3}
  m_PlayOnAwake: 1
  m_Volume: 1
  m_Pitch: 1
  Loop: 1
  Mute: 0
  Spatialize: 0
  SpatializePostEffects: 0
  Priority: 128
  DopplerLevel: 1
  MinDistance: 0.05
  MaxDistance: 3
  Pan2D: 0
  rolloffMode: 0
  BypassEffects: 0
  BypassListenerEffects: 0
  BypassReverbZones: 0
  rolloffCustomCurve:
    serializedVersion: 2
    m_Curve:
    - serializedVersion: 3
      time: 0
      value: 1
      inSlope: 0
      outSlope: 0
      tangentMode: 0
      weightedMode: 0
      inWeight: 0.33333334
      outWeight: 0.33333334
    - serializedVersion: 3
      time: 1
      value: 0
      inSlope: 0
      outSlope: 0
      tangentMode: 0
      weightedMode: 0
      inWeight: 0.33333334
      outWeight: 0.33333334
    m_PreInfinity: 2
    m_PostInfinity: 2
    m_RotationOrder: 4
  panLevelCustomCurve:
    serializedVersion: 2
    m_Curve:
    - serializedVersion: 3
      time: 0
      value: 1
      inSlope: 0
      outSlope: 0
      tangentMode: 0
      weightedMode: 0
      inWeight: 0.33333334
      outWeight: 0.33333334
    m_PreInfinity: 2
    m_PostInfinity: 2
    m_RotationOrder: 4
  spreadCustomCurve:
    serializedVersion: 2
    m_Curve:
    - serializedVersion: 3
      time: 0
      value: 0
      inSlope: 0
      outSlope: 0
      tangentMode: 0
      weightedMode: 0
      inWeight: 0.33333334
      outWeight: 0.33333334
    m_PreInfinity: 2
    m_PostInfinity: 2
    m_RotationOrder: 4
  reverbZoneMixCustomCurve:
    serializedVersion: 2
    m_Curve:
    - serializedVersion: 3
      time: 0
      value: 1
      inSlope: 0
      outSlope: 0
      tangentMode: 0
      weightedMode: 0
      inWeight: 0.33333334
      outWeight: 0.33333334
    m_PreInfinity: 2
    m_PostInfinity: 2
    m_RotationOrder: 4
--- !u!114 &8194557959362057281
MonoBehaviour:
  m_ObjectHideFlags: 0
  m_CorrespondingSourceObject: {fileID: 0}
  m_PrefabInstance: {fileID: 0}
  m_PrefabAsset: {fileID: 0}
  m_GameObject: {fileID: 5229287358845485613}
  m_Enabled: 1
  m_EditorHideFlags: 0
  m_Script: {fileID: 11500000, guid: 5a536160e279da34caf4bba9e8a785c2, type: 3}
  m_Name: 
  m_EditorClassIdentifier: 
  crying: {fileID: 276106699264741723}
  cheering: {fileID: 702244974117855306}
--- !u!1001 &4301997795769936257
PrefabInstance:
  m_ObjectHideFlags: 0
  serializedVersion: 2
  m_Modification:
    m_TransformParent: {fileID: 0}
    m_Modifications:
    - target: {fileID: -927199367670048503, guid: 2586d0c192e23e941afe343530d88575,
        type: 3}
      propertyPath: m_Name
      value: Pre_Cage
      objectReference: {fileID: 0}
    - target: {fileID: -927199367670048503, guid: 2586d0c192e23e941afe343530d88575,
        type: 3}
      propertyPath: m_TagString
      value: Cage
      objectReference: {fileID: 0}
    - target: {fileID: -4216859302048453862, guid: 2586d0c192e23e941afe343530d88575,
        type: 3}
      propertyPath: m_LocalPosition.x
      value: -3.2982512
      objectReference: {fileID: 0}
    - target: {fileID: -4216859302048453862, guid: 2586d0c192e23e941afe343530d88575,
        type: 3}
      propertyPath: m_LocalPosition.y
      value: 1.5071206e-18
      objectReference: {fileID: 0}
    - target: {fileID: -4216859302048453862, guid: 2586d0c192e23e941afe343530d88575,
        type: 3}
      propertyPath: m_LocalPosition.z
      value: -0.33937338
      objectReference: {fileID: 0}
    - target: {fileID: -4216859302048453862, guid: 2586d0c192e23e941afe343530d88575,
        type: 3}
      propertyPath: m_LocalRotation.x
      value: 0
      objectReference: {fileID: 0}
    - target: {fileID: -4216859302048453862, guid: 2586d0c192e23e941afe343530d88575,
        type: 3}
      propertyPath: m_LocalRotation.y
      value: -0
      objectReference: {fileID: 0}
    - target: {fileID: -4216859302048453862, guid: 2586d0c192e23e941afe343530d88575,
        type: 3}
      propertyPath: m_LocalRotation.z
      value: -0
      objectReference: {fileID: 0}
    - target: {fileID: -4216859302048453862, guid: 2586d0c192e23e941afe343530d88575,
        type: 3}
      propertyPath: m_LocalRotation.w
      value: 1
      objectReference: {fileID: 0}
    - target: {fileID: -4216859302048453862, guid: 2586d0c192e23e941afe343530d88575,
        type: 3}
      propertyPath: m_RootOrder
      value: 0
      objectReference: {fileID: 0}
    - target: {fileID: -4216859302048453862, guid: 2586d0c192e23e941afe343530d88575,
        type: 3}
      propertyPath: m_LocalEulerAnglesHint.x
      value: 0
      objectReference: {fileID: 0}
    - target: {fileID: -4216859302048453862, guid: 2586d0c192e23e941afe343530d88575,
        type: 3}
      propertyPath: m_LocalEulerAnglesHint.y
      value: 0
      objectReference: {fileID: 0}
    - target: {fileID: -4216859302048453862, guid: 2586d0c192e23e941afe343530d88575,
        type: 3}
      propertyPath: m_LocalEulerAnglesHint.z
      value: 0
      objectReference: {fileID: 0}
    - target: {fileID: -4216859302048453862, guid: 2586d0c192e23e941afe343530d88575,
        type: 3}
      propertyPath: m_LocalScale.x
      value: 0.005057392
      objectReference: {fileID: 0}
    - target: {fileID: -4216859302048453862, guid: 2586d0c192e23e941afe343530d88575,
        type: 3}
      propertyPath: m_LocalScale.y
      value: 0.0028457062
      objectReference: {fileID: 0}
    - target: {fileID: -4216859302048453862, guid: 2586d0c192e23e941afe343530d88575,
        type: 3}
      propertyPath: m_LocalScale.z
      value: 0.0028457062
      objectReference: {fileID: 0}
    - target: {fileID: -1504981713932161579, guid: 2586d0c192e23e941afe343530d88575,
        type: 3}
      propertyPath: m_CastShadows
      value: 0
      objectReference: {fileID: 0}
    m_RemovedComponents: []
  m_SourcePrefab: {fileID: 100100000, guid: 2586d0c192e23e941afe343530d88575, type: 3}
--- !u!1 &5229287359030112392 stripped
GameObject:
  m_CorrespondingSourceObject: {fileID: -927199367670048503, guid: 2586d0c192e23e941afe343530d88575,
    type: 3}
  m_PrefabInstance: {fileID: 4301997795769936257}
  m_PrefabAsset: {fileID: 0}
--- !u!4 &9135957552251060891 stripped
Transform:
  m_CorrespondingSourceObject: {fileID: -4216859302048453862, guid: 2586d0c192e23e941afe343530d88575,
    type: 3}
  m_PrefabInstance: {fileID: 4301997795769936257}
  m_PrefabAsset: {fileID: 0}
--- !u!1001 &4301997796457863972
PrefabInstance:
  m_ObjectHideFlags: 0
  serializedVersion: 2
  m_Modification:
    m_TransformParent: {fileID: 9135957552251060891}
    m_Modifications:
    - target: {fileID: -6057140222963153312, guid: b59fedb85c4818546b8fedcb94b475f7,
        type: 3}
      propertyPath: m_Controller
      value: 
      objectReference: {fileID: 9100000, guid: f1525cbd36dea3d43986496653505f0b, type: 2}
    - target: {fileID: -927199367670048503, guid: b59fedb85c4818546b8fedcb94b475f7,
        type: 3}
      propertyPath: m_Name
      value: Mouse2
      objectReference: {fileID: 0}
    - target: {fileID: -4216859302048453862, guid: b59fedb85c4818546b8fedcb94b475f7,
        type: 3}
      propertyPath: m_LocalPosition.x
      value: 47.929123
      objectReference: {fileID: 0}
    - target: {fileID: -4216859302048453862, guid: b59fedb85c4818546b8fedcb94b475f7,
        type: 3}
      propertyPath: m_LocalPosition.y
      value: -1.7967441
      objectReference: {fileID: 0}
    - target: {fileID: -4216859302048453862, guid: b59fedb85c4818546b8fedcb94b475f7,
        type: 3}
      propertyPath: m_LocalPosition.z
      value: -63.773567
      objectReference: {fileID: 0}
    - target: {fileID: -4216859302048453862, guid: b59fedb85c4818546b8fedcb94b475f7,
        type: 3}
      propertyPath: m_LocalRotation.x
      value: -0
      objectReference: {fileID: 0}
    - target: {fileID: -4216859302048453862, guid: b59fedb85c4818546b8fedcb94b475f7,
        type: 3}
      propertyPath: m_LocalRotation.y
      value: -0.99946606
      objectReference: {fileID: 0}
    - target: {fileID: -4216859302048453862, guid: b59fedb85c4818546b8fedcb94b475f7,
        type: 3}
      propertyPath: m_LocalRotation.z
      value: -0
      objectReference: {fileID: 0}
    - target: {fileID: -4216859302048453862, guid: b59fedb85c4818546b8fedcb94b475f7,
        type: 3}
      propertyPath: m_LocalRotation.w
      value: -0.03267595
      objectReference: {fileID: 0}
    - target: {fileID: -4216859302048453862, guid: b59fedb85c4818546b8fedcb94b475f7,
        type: 3}
      propertyPath: m_RootOrder
      value: 1
      objectReference: {fileID: 0}
    - target: {fileID: -4216859302048453862, guid: b59fedb85c4818546b8fedcb94b475f7,
        type: 3}
      propertyPath: m_LocalEulerAnglesHint.x
      value: 0
      objectReference: {fileID: 0}
    - target: {fileID: -4216859302048453862, guid: b59fedb85c4818546b8fedcb94b475f7,
        type: 3}
      propertyPath: m_LocalEulerAnglesHint.y
      value: -183.745
      objectReference: {fileID: 0}
    - target: {fileID: -4216859302048453862, guid: b59fedb85c4818546b8fedcb94b475f7,
        type: 3}
      propertyPath: m_LocalEulerAnglesHint.z
      value: 0
      objectReference: {fileID: 0}
    - target: {fileID: -4216859302048453862, guid: b59fedb85c4818546b8fedcb94b475f7,
        type: 3}
      propertyPath: m_LocalScale.x
      value: 793.54486
      objectReference: {fileID: 0}
    - target: {fileID: -4216859302048453862, guid: b59fedb85c4818546b8fedcb94b475f7,
        type: 3}
      propertyPath: m_LocalScale.y
      value: 1405.6266
      objectReference: {fileID: 0}
    - target: {fileID: -4216859302048453862, guid: b59fedb85c4818546b8fedcb94b475f7,
        type: 3}
      propertyPath: m_LocalScale.z
      value: 1403.0054
      objectReference: {fileID: 0}
    m_RemovedComponents: []
  m_SourcePrefab: {fileID: 100100000, guid: b59fedb85c4818546b8fedcb94b475f7, type: 3}
--- !u!1 &5229287358845485613 stripped
GameObject:
  m_CorrespondingSourceObject: {fileID: -927199367670048503, guid: b59fedb85c4818546b8fedcb94b475f7,
    type: 3}
  m_PrefabInstance: {fileID: 4301997796457863972}
  m_PrefabAsset: {fileID: 0}
--- !u!95 &1171907033305144644 stripped
Animator:
  m_CorrespondingSourceObject: {fileID: -6057140222963153312, guid: b59fedb85c4818546b8fedcb94b475f7,
    type: 3}
  m_PrefabInstance: {fileID: 4301997796457863972}
  m_PrefabAsset: {fileID: 0}
